@comment{x-kbibtex-personnameformatting=<%l><, %f>}

@ARTICLE{Tol09,
   author = {{van der Tol}, S.
	},
    title = "{Bayesian estimation for ionospheric calibration in radio astronomy}",
  journal = {PhD thesis, TU Delft},
archivePrefix = "arXiv",
   eprint = {0904.3975},
 primaryClass = "astro-ph.IM",
 keywords = {atmospheric effects, methods: numerical, techniques: interferometric},
     year = 2009,
    month = jul,
    pages = {1185-1205},
      doi = {10.1051/0004-6361/200811094},
   adsurl = {http://cdsads.u-strasbg.fr/abs/2009A%26A...501.1185I},
  adsnote = {Provided by the SAO/NASA Astrophysics Data System}
}

@string{pub-ORA = "{O'Reilly \& Associates, Inc.}"}

@string{pub-ORA:adr = "{981 Chestnut Street, Newton, MA 02164, USA}"}

@article{Marti2008,
	author = "Mart{\'i}-Vidal, I. and Marcaide, J.M.",
	journal = "A\&A",
	number = "1",
	pages = "289--295",
	publisher = "EDP Sciences",
	title = "{Spurious source generation in mapping from noisy phase-self-calibrated data}",
	volume = "480",
	year = "2008"
}

@article{Linfield1986,
	author = "Linfield, R.P.",
	journal = "AJ",
	pages = "213--218",
	title = "{A modified hybrid mapping technique for VLBI data}",
	volume = "92",
	year = "1986"
}

@inproceedings{Wilkinson1988,
	author = "Wilkinson, P.N. and Conway, J. and Biretta, J.",
	booktitle = "{The Impact of VLBI on Astrophysics and Geophysics}",
	pages = "509--518",
	title = "{Developments in continuum imaging}",
	volume = "129",
	year = "1988"
}

@article{Boonstra2003,
	author = "Boonstra, A.J. and {van der Veen}, A.J.",
	journal = "IEEE Trans. Sig. Proc.",
	number = "1",
	pages = "25--38",
	publisher = "IEEE",
	title = "{Gain calibration methods for radio telescope arrays}",
	volume = "51",
	year = "2003"
}

@article{Winn2003,
	author = "Winn, J.N. and Patnaik, A.R. and Wrobel, J.M.",
	journal = "ApJS",
	number = "1",
	pages = "83",
	publisher = "IOP Publishing",
	title = "{Interferometric Phase Calibration Sources in the Declination Range $0^{\circ}\mathrm{C}$ to $-30^{\circ}\mathrm{C}$}",
	volume = "145",
	year = "2003"
}

@inproceedings{Schwab1980,
	author = "Schwab, F.R.",
	booktitle = "{1980 Technical Symposium East}",
	organization = "International Society for Optics and Photonics",
	pages = "18--25",
	title = "{Adaptive calibration of radio interferometer data}",
	year = "1980"
}

@article{Pearson1984,
	author = "Pearson, T.J. and Readhead, A.C.S.",
	journal = "ARA\&A",
	pages = "97--130",
	title = "{Image formation by self-calibration in radio astronomy}",
	volume = "22",
	year = "1984"
}

@article{Rogers1974,
	author = "Rogers, A.E.E. and Hinteregger, H.F. and Whitney, A.R. and Counselman, C.C. and Shapiro, I.I. and Wittels, J.J. and Klemperer, W.K. and Warnock, W.W. and Clark, T.A. and Hutton, L.K.",
	journal = "AJ",
	pages = "293--301",
	title = "{The structure of radio sources 3C 273B and 3C 84 deduced from the'closure'phases and visibility amplitudes observed with three-element interferometers}",
	volume = "193",
	year = "1974"
}

@article{Jennison1958,
	author = "Jennison, R.C.",
	journal = "MNRAS",
	pages = "276",
	title = "{A phase sensitive interferometer technique for the measurement of the Fourier transforms of spatial brightness distributions of small angular extent}",
	volume = "118",
	year = "1958"
}

@article{Readhead1978,
	author = "Readhead, A.C.S. and Wilkinson, P.N.",
	journal = "AJ",
	pages = "25--36",
	title = "{The mapping of compact radio sources from VLBI data}",
	volume = "223",
	year = "1978"
}

@article{Kazemi2011,
	author = "Kazemi, S. and Yatawatta, S. and Zaroubi, S. and Lampropoulos, P. and de Bruyn, A.G. and Koopmans, L.V.E. and Noordam, J. and others",
	journal = "MNRAS",
	number = "2",
	pages = "1656--1666",
	publisher = "Wiley Online Library",
	title = "{Radio interferometric calibration using the SAGE algorithm}",
	volume = "414",
	year = "2011"
}

@inproceedings{Veen2004,
	author = "van der Veen, A.J. and Leshem, A. and Boonstra, A.J.",
	booktitle = "{Sensor Array and Multichannel Signal Processing Workshop Proceedings, 2004}",
	organization = "IEEE",
	pages = "1--10",
	title = "{Signal processing for radio astronomical arrays}",
	year = "2004"
}

@article{Rau2009,
	author = "Rau, U. and Bhatnagar, S. and Voronkov, M.A. and Cornwell, T.J.",
	journal = "Proc. of the IEEE",
	number = "8",
	pages = "1472--1481",
	publisher = "IEEE",
	title = "{Advances in calibration and imaging techniques in radio interferometry}",
	volume = "97",
	year = "2009"
}

@inproceedings{Yatawatta2012,
	author = "Yatawatta, S. and Kazemi, S. and Zaroubi, S.",
	booktitle = "{Innovative Parallel Computing (InPar), 2012}",
	organization = "IEEE",
	pages = "1--6",
	title = "{GPU accelerated nonlinear optimization in radio interferometric calibration}",
	year = "2012"
}

@article{Levenberg1944,
	author = "Levenberg, K.",
	journal = "The Quarterly J. of App. Math.",
	pages = "164--168",
	title = "{A method for the solution of certain problems in least squares}",
	volume = "2",
	year = "1944"
}

@article{Marquardt1963,
	author = "Marquardt, D.W.",
	journal = "SIAM J. of App. Math.",
	number = "2",
	pages = "431--441",
	publisher = "SIAM",
	title = "{An algorithm for least-squares estimation of nonlinear parameters}",
	volume = "11",
	year = "1963"
}

@article{Kazemi2013,
	author = "Kazemi, S. and Yatawatta, S. and Zaroubi, S.",
	journal = "MNRAS",
	number = "2",
	pages = "1457--1472",
	publisher = "Oxford University Press",
	title = "{Clustered calibration: an improvement to radio interferometric direction-dependent self-calibration}",
	volume = "430",
	year = "2013"
}

@article{Smirnov2011,
	author = "Smirnov, Oleg M",
	journal = "A\&A",
	publisher = "EDP Sciences",
	title = "{Revisiting the radio interferometer measurement equation: II. Calibration and direction-dependent effects}",
	volume = "527",
	year = "2011"
}

@article{Intema2009,
	author = "Intema, H.T. and {Van der Tol}, S. and Cotton, W.D. and Cohen, A.S. and {Van Bemmel}, I.M. and R{\"o}ttgering, H.J.A.",
	journal = "A\&A",
	number = "3",
	pages = "1185--1205",
	publisher = "EDP Sciences",
	title = "{Ionospheric calibration of low frequency radio interferometric observations using the peeling scheme}",
	volume = "501",
	year = "2009"
}

@article{Kopp2008,
	author = "Kopp, J.",
	journal = "Int. J. of Modern Phys. C",
	number = "03",
	pages = "523--548",
	publisher = "World Scientific",
	title = "{Efficient numerical diagonalization of hermitian 3$\times$ 3 matrices}",
	volume = "19",
	year = "2008"
}

@article{Blinn1996,
	author = "Blinn, J.",
	journal = "IEEE Comput. Graphics and App.",
	number = "2",
	pages = "82--88",
	publisher = "IEEE",
	title = "{Consider the lowly 2 x 2 matrix}",
	volume = "16",
	year = "1996"
}

@book{Perlis1952,
	author = "Perlis, S.",
	publisher = "Dover Publications",
	title = "{Theory of matrices}",
	year = "1952"
}

@inproceedings{Garcia2011,
	author = "Garc{\'i}a-Planas, M.I. and Tarragona, S.",
	booktitle = "{Proceedings of the 15th WSEAS international conference on Systems}",
	organization = "World Scientific and Engineering Academy and Society (WSEAS)",
	pages = "100--105",
	title = "{Perturbation analysis of eigenvalues of polynomial matrices smoothly depending on parameters}",
	year = "2011"
}

@article{Ikramov2009,
	author = "Ikramov, K. D.",
	journal = "J. of Math. Sci.",
	number = "5",
	pages = "695--696",
	publisher = "Springer",
	title = "{On the ranks of principal submatrices of diagonalizable matrices}",
	volume = "157",
	year = "2009"
}

@article{Kazemi2013a,
	author = "Kazemi, S and Yatawatta, S",
	journal = "preprint (arXiv:1307.5040)",
	title = "{Robust radio interferometric calibration using the t-distribution}",
	year = "2013"
}

@article{Marti2010,
	author = "Mart{\'i}-Vidal, I. and Guirado, J.C. and Jim{\'e}nez-Monferrer, S. and Marcaide, J.M.",
	journal = "A\&A",
	title = "{Atmospheric turbulence in phase-referenced and wide-field interferometric images. Application to the Square Kilometre Array}",
	volume = "517",
	year = "2010"
}

@inproceedings{Taylor1999,
	author = "Taylor, G.B. and Carilli, C.L. and Perley, R.A.",
	booktitle = "{Synthesis Imaging in Radio Astronomy II}",
	title = "{Synthesis imaging in radio astronomy II}",
	volume = "180",
	year = "1999"
}

@article{Wijnholds2009,
	author = "Wijnholds, S.J. and {van der Veen}, A.J.",
	journal = "IEEE Trans. Sig. Proc.",
	number = "9",
	pages = "3512--3522",
	publisher = "IEEE",
	title = "{Multisource self-calibration for sensor arrays}",
	volume = "57",
	year = "2009"
}

@book{Lax1996,
	author = "Lax, P.D.",
	publisher = "John Wiley \& sons",
	title = "{Linear Algebra and its applications}",
	year = "1996"
}

@unpublished{Smirnov2010ghosts,
	author = "Smirnov, O. M.",
	note = "presentation at CALIM2010 conference (Dwingeloo 2010),\\http://www.astron.nl/calim2010/presentations/\\14\_Ghostbusters\_Smirnov.pdf",
	title = "{Ghostbusters: The Unknown Unknowns Of Selfcal}",
	url = "http://www.astron.nl/calim2010/presentations/14_Ghostbusters_Smirnov.pdf",
	year = "2010"
}

@unpublished{Smirnov2011qmc,
	author = "Smirnov, O. M.",
	note = "presentation at CALIM2011 conference (Manchester 2011),\\
	https://indico.skatelescope.org/getFile.py/access?\\contribId=20\&sessionId=9\&resId=0\&materialId=0\&\\confId=171",
	title = "{Solving For Primary Beams, Pointing Errors And The Westerbork Wobble}",
	url = "https://indico.skatelescope.org/getFile.py/access?contribId=20&sessionId=9&resId=0&materialId=0&confId=171",
	year = "2011"
}

@article{meqtrees,
	adsnote = "Provided by the SAO/NASA Astrophysics Data System",
	adsurl = "http://adsabs.harvard.edu/abs/2010A\%26A...524A..61N",
	author = "{Noordam}, J.~E. and {Smirnov}, O.~M.",
	doi = "10.1051/0004-6361",
	journal = "\aap",
	keywords = "methods: numerical; methods: data analysis; techniques: interferometric; techniques: polarimetric",
	month = dec,
	pages = "A61",
	title = "{The MeqTrees software system and its use for third-generation calibration of radio interferometers}",
	volume = 524,
	year = 2010
}

@article{RRIME1,
	author = "{Smirnov}, O.~M.",
	journal = "\aap",
	keywords = "methods: numerical; methods: data analysis; methods: analytical; techniques: interferometric; techniques: polarimetric",
	pages = "A106",
	title = "{Revisiting the radio interferometer measurement equation. I. A full-sky Jones formalism}",
	volume = 527,
	year = 2011
}

@article{RRIME2,
	author = "{Smirnov}, O.~M.",
	journal = "\aap",
	keywords = "methods: numerical; methods: data analysis; methods: analytical; techniques: interferometric; techniques: polarimetric",
	pages = "A107",
	title = "{Revisiting the radio interferometer measurement equation. II. Calibration and direction-dependent effects}",
	volume = 527,
	year = 2011
}

@article{RRIME3,
	author = "{Smirnov}, O.~M.",
	journal = "\aap",
	keywords = "methods: numerical; methods: data analysis; methods: analytical; techniques: interferometric; techniques: polarimetric",
	pages = "A108",
	title = "{Revisiting the radio interferometer measurement equation. III. Addressing direction-dependent effects in 21cm WSRT observations of 3C 147}",
	volume = 527,
	year = 2011
}

@article{RRIME4,
	adsnote = "Provided by the SAO/NASA Astrophysics Data System",
	adsurl = "http://adsabs.harvard.edu/abs/2011A\%26A...531A.159S",
	archiveprefix = "arXiv",
	author = "{Smirnov}, O.~M.",
	doi = "10.1051/0004-6361",
	eid = "A159",
	eprint = "1106.0579",
	journal = "\aap",
	keywords = "methods: analytical; methods: data analysis; methods: numerical; techniques: interferometric; techniques: polarimetric",
	month = jul,
	pages = "A159",
	primaryclass = "astro-ph.IM",
	title = "{Revisiting the radio interferometer measurement equation. IV. A generalized tensor formalism}",
	volume = 531,
	year = 2011
}

@article{QMC,
	author = "{Smirnov}, O.~M. and {de Bruyn}, A.~G.",
	journal = "A\&A",
	title = "{The QMC Project: Solving For Direction-Dependent Effects In WSRT Observations}",
	volume = "in prep",
	year = 2010
}

@article{ME1,
	adsnote = "Provided by the SAO/NASA Astrophysics Data System",
	adsurl = "http://adsabs.harvard.edu/abs/1996A\%26AS..117..137H",
	author = "{Hamaker}, J.~P. and {Bregman}, J.~D. and {Sault}, R.~J.",
	journal = "\aaps",
	keywords = "METHODS: ANALYTICAL; METHODS: DATA ANALYSIS; TECHNIQUES: INTERFEROMETERS; TECHNIQUES: POLARIMETERS",
	month = may,
	pages = "137",
	title = "{Understanding radio polarimetry. I. Mathematical foundations.}",
	volume = 117,
	year = 1996
}

@article{ME2,
	adsnote = "Provided by the SAO/NASA Astrophysics Data System",
	adsurl = "http://adsabs.harvard.edu/abs/1996A\%26AS..117..149S",
	author = "{Sault}, R.~J. and {Hamaker}, J.~P. and {Bregman}, J.~D.",
	journal = "\aaps",
	keywords = "METHODS: ANALYTICAL; METHODS: DATA ANALYSIS; TECHNIQUES: INTERFEROMETERS; TECHNIQUES: POLARIMETERS",
	month = may,
	pages = "149--159",
	title = "{Understanding radio polarimetry. II. Instrumental calibration of an interferometer array.}",
	volume = 117,
	year = 1996
}

@article{ME3,
	adsnote = "Provided by the SAO/NASA Astrophysics Data System",
	adsurl = "http://adsabs.harvard.edu/abs/1996A\%26AS..117..161H",
	author = "{Hamaker}, J.~P. and {Bregman}, J.~D.",
	journal = "\aaps",
	keywords = "METHODS: ANALYTICAL; METHODS: DATA ANALYSIS; TECHNIQUES: INTERFEROMETERS; TECHNIQUES: POLARIMETERS; POLARIZATION",
	month = may,
	pages = "161--165",
	title = "{Understanding radio polarimetry. III. Interpreting the IAU/IEEE definitions of the Stokes parameters.}",
	volume = 117,
	year = 1996
}

@article{ME4,
	adsnote = "Provided by the SAO/NASA Astrophysics Data System",
	adsurl = "http://adsabs.harvard.edu/abs/2000A\%26AS..143..515H",
	author = "{Hamaker}, J.~P.",
	doi = "10.1051/aas:2000337",
	journal = "\aaps",
	keywords = "INSTRUMENTATION: INTERFEROMETERS; INSTRUMENTATION: POLARIMETERS; METHODS: ANALYTICAL; METHODS: OBSERVATIONAL; TECHNIQUES: INTERFEROMETRIC; TECHNIQUES: POLARIMETRIC",
	month = may,
	pages = "515",
	title = "{Understanding radio polarimetry. IV. The full-coherency analogue of scalar self-calibration: Self-alignment, dynamic range and polarimetric fidelity}",
	volume = 143,
	year = 2000
}

@article{ME5,
	adsnote = "Provided by the SAO/NASA Astrophysics Data System",
	adsurl = "http://adsabs.harvard.edu/abs/2006A\%26A...456..395H",
	author = "{Hamaker}, J.~P.",
	doi = "10.1051/0004-6361:20065145",
	journal = "\aap",
	keywords = "instrumentation: interferometers; instrumentation: polarimeters; methods: data analysis; methods: observational; techniques: interferometric; techniques: polarimetric",
	month = sep,
	pages = "395--404",
	title = "{Understanding radio polarimetry. V. Making matrix self-calibration work: processing of a simulated observation}",
	volume = 456,
	year = 2006
}

@article{Carozzi:ME3D,
	adsnote = "Provided by the SAO/NASA Astrophysics Data System",
	adsurl = "http://adsabs.harvard.edu/abs/2009MNRAS.395.1558C",
	archiveprefix = "arXiv",
	author = "{Carozzi}, T.~D. and {Woan}, G.",
	doi = "10.1111/j.1365-2966.2009.14642.x",
	eprint = "0812.0141",
	journal = "\mnras",
	keywords = "instrumentation: polarimeters; instrumentation: interferometers; techniques: interferometric; techniques: polarimetric; telescopes",
	month = may,
	pages = "1558--1568",
	title = "{A generalized measurement equation and van Cittert-Zernike theorem for wide-field radio astronomical interferometry}",
	volume = 395,
	year = 2009
}

@article{jones,
	author = "{Jones}, R.~C.",
	journal = "J. Opt. Soc. America",
	pages = "488--493",
	title = "{New calculus for the treatment of optical systems}",
	volume = 31,
	year = 1941
}

@article{muller,
	author = "{Mueller}, H.",
	journal = "J. Opt. Soc. America",
	pages = "661",
	volume = 38,
	year = 1948
}

@article{IAU74,
	author = "IAU",
	journal = "Trans. IAU",
	pages = 166,
	title = "{}",
	volume = "15b",
	year = 1973
}

@article{Morris:1964,
	adsnote = "Provided by the SAO/NASA Astrophysics Data System",
	adsurl = "http://adsabs.harvard.edu/abs/1964ApJ...139..551M",
	author = "{Morris}, D. and {Radhakrishnan}, V. and {Seielstad}, G.~A.",
	doi = "10.1086/147784",
	journal = "\apj",
	month = feb,
	pages = "551",
	title = "{On the Measurement of Polarization Distributions Over Radio Sources.}",
	volume = 139,
	year = 1964
}

@book{born-wolf,
	author = "{Born}, M. and {Wolf}, E.",
	publisher = "Pergamon Press",
	title = "{Principles of Optics}",
	year = "1964"
}

@book{tms1,
	address = "New York",
	author = "{Thompson}, A.~R. and {Moran}, J.~M. and {Swenson, Jr.}, G.~W.",
	publisher = "Wiley",
	title = "{Interferometry and Synthesis in Radio Astronomy}",
	year = "1986"
}

@book{tms,
	address = "New York",
	author = "{Thompson}, A.~R. and {Moran}, J.~M. and {Swenson, Jr.}, G.~W.",
	edition = 2,
	publisher = "Wiley",
	title = "{Interferometry and Synthesis in Radio Astronomy}",
	year = "2001"
}

@inbook{Knuth:Trees,
	address = "Reading, Massachusetts",
	author = "Knuth, Donald E.",
	chapter = "2",
	edition = "Second",
	publisher = "Addison-Wesley",
	series = "{The Art of Computer Programming}",
	title = "{Fundamental Algorithms}",
	volume = 1,
	year = "1973"
}

@inproceedings{Ekers:Selfcal,
	adsnote = "Provided by the SAO/NASA Astrophysics Data System",
	adsurl = "http://adsabs.harvard.edu/abs/1983sdra.conf..154E",
	author = "{Ekers}, R.~D.",
	booktitle = "{Serendipitous Discoveries in Radio Astronomy}",
	editor = "{Kellermann}, K.~I. and {Sheets}, B.",
	pages = "154",
	title = "{The almost Serendipitous Discovery of Self-Calibration}",
	year = 1983
}

@techreport{JEN:note185,
	author = "{Noordam}, J.~E.",
	institution = "AIPS++",
	series = "{AIPS++ Notes Series}",
	title = "{AIPS++ Note 185: The Measurement Equation of a Generic Radio Telescope}",
	url = http://aips2.nrao.edu/docs/notes/185/185.html,
	year = 1996
}

@techreport{MS2definition,
	author = "{Kemball}, A.~J. and {Wieringa}, M.~H.",
	institution = "AIPS++",
	series = "{AIPS++ Notes Series}",
	title = "{AIPS++ Note 229: MeasurementSet definition version 2.0}",
	url = http://aips2.nrao.edu/docs/notes/229/229.html,
	year = 1996
}

@techreport{WNB:solver,
	author = "{Brouw}, W.~N.",
	institution = "AIPS++",
	series = "{AIPS++ Notes Series}",
	title = "{AIPS++ Note 224: AIPS++ Least Squares background}",
	url = http://aips2.nrao.edu/docs/notes/224/224.html,
	year = 1996
}

@misc{Madsen:LM,
	address = "Richard Petersens Plads, Building 321, {DK-}2800 Kgs. Lyngby",
	author = "Madsen, K. and Nielsen, H. B. and Tingleff, O.",
	pages = "60",
	publisher = "Informatics and Mathematical Modelling, Technical University of Denmark, {DTU}",
	title = "{Methods for Non-Linear Least Squares Problems (2nd ed.)}",
	year = "2004"
}

@article{deBruyn:3c147,
	author = "de Bruyn, G. and Bos, A. and Greve, H. van Someren and Brouw, Wim",
	journal = "\aap",
	title = "{}",
	volume = "in prep.",
	year = "2011"
}

@conference{deBruyn:million,
	author = "de Bruyn, G.",
	booktitle = "{SKA Calibration and Imaging Workshop 2006}",
	title = "{Full polarization wide field WSRT calibration/imaging at a million to one dynamic range}",
	url = http://ftp.kat.ac.za/pub/calim2006/01-01_DeBruyn.pdf,
	year = 2006
}

@conference{Yatawatta:shapelets-old,
	author = "{Yatawatta}, S. and {de Bruyn}, A.~G. and {Brentjens}, M.~A.",
	booktitle = "{SKA Calibration and Imaging Workshop 2009}",
	title = "{Back to the future with shapelets}",
	url = https://safe.nrao.edu/wiki/pub/Software/CalIm09Program/shapelet3.pdf,
	year = 2009
}

@article{Yatawatta:shapelets,
	author = "Yatawatta, S. and de Bruyn, G. and Brentjens, M. and Nijboer, R. and Noordam, J.",
	journal = "\aap",
	title = "{WSRT Observations of the A-Team: High dynamic range imaging using shapelet deconvolution}",
	volume = "in prep.",
	year = "2010"
}

@conference{Harp:ATA-beams,
	author = "Harp, G.M. and Meitzner, S.A. and Croft, S.",
	booktitle = "{SKA Calibration and Imaging Workshop 2010}",
	title = "{First steps to on the fly mapping at ATA}",
	url = "http://www.astron.nl/calim2010/presentations/17_On; The Fly Mapping_Harp.pdf",
	year = 2010
}

@conference{Abdalla:uvbrick,
	author = "Abdalla, F.~B.",
	booktitle = "{MCCT SKADS Mixed Workshop: Towards third-generation calibration in radio astronomy}",
	title = "{Image simulations and the UVBrick}",
	url = "http://www.astron.nl/meqwiki/MeqTreeWorkshop2009?action=AttachFile&do=get&target=MCCTnancay-Filipe_20091007.pdf",
	year = 2009
}

@article{Hull:ATA-beam-fitting,
	author = "Hull, C.L.H. and Bower, G.C. and Kroft, S. and Williams, P.K.G. and Law, C. and Whysong, D.",
	journal = "PASP",
	title = "{Primary Beam Shape Calibration from Mosaicked, Interferometric Observations}",
	volume = "in press",
	year = 2010
}

@techreport{JEN:LOFAR1,
	author = "{Noordam}, J.~E.",
	institution = "LOFAR",
	series = "{LOFAR Documents}",
	title = "{A framework for LOFAR Calibration}",
	url = http://aips2.nrao.edu/docs/notes/185/185.html,
	year = 2005
}

@inproceedings{JEN:peeling,
	adsnote = "Provided by the SAO/NASA Astrophysics Data System",
	adsurl = "http://adsabs.harvard.edu/abs/2004SPIE.5489..817N",
	author = "{Noordam}, J.~E.",
	booktitle = "{Ground-based Telescopes}",
	doi = "10.1117/12.544262",
	editor = "{Oschmann}, Jr. J.~M.",
	month = oct,
	pages = "817",
	series = "{Society of Photo-Optical Instrumentation Engineers (SPIE) Conference Series}",
	title = "{LOFAR calibration challenges}",
	volume = 5489,
	year = 2004
}

@inproceedings{Cotton:FBC,
	adsnote = "Provided by the SAO/NASA Astrophysics Data System",
	adsurl = "http://adsabs.harvard.edu/abs/2004SPIE.5489..180C",
	author = "{Cotton}, W.~D. and {Condon}, J.~J. and {Perley}, R.~A. and {Kassim}, N. and {Lazio}, J. and {Cohen}, A. and {Lane}, W. and {Erickson}, W.~C.",
	booktitle = "{Ground-based Telescopes}",
	doi = "10.1117/12.551298",
	editor = "{Oschmann}, Jr. J.~M.",
	month = oct,
	pages = "180",
	series = "{Society of Photo-Optical Instrumentation Engineers (SPIE) Conference Series}",
	title = "{Beyond the isoplanatic patch in the VLA Low-frequency Sky Survey}",
	volume = 5489,
	year = 2004
}

@inproceedings{JEN:LOFAR3,
	adsnote = "Provided by the SAO/NASA Astrophysics Data System",
	adsurl = "http://adsabs.harvard.edu/abs/2007ASPC..376..237N",
	author = "{Nijboer}, R.~J. and {Noordam}, J.~E.",
	booktitle = "{Astronomical Data Analysis Software and Systems XVI}",
	editor = "{Shaw}, R.~A. and {Hill}, F. and {Bell}, D.~J.",
	month = oct,
	pages = "237",
	series = "{PASPC}",
	title = "{LOFAR Calibration}",
	volume = 376,
	year = 2007
}

@manual{TDL-companion,
	author = "{Smirnov}, O.~M.",
	publisher = "http://www.astron.nl",
	title = "{The TDL Bedside Companion}",
	url = "http://www.astron.nl/meqwiki/Documentation?action=AttachFile&do=get&target=tdl-companion.pdf",
	year = 2008
}

@manual{CASA:UserRef,
	author = "{Myers}, S.~T. and {Ott}, J. and {Elias}, N.",
	publisher = "NRAO",
	title = "{CASA Synthesis \& Single Dish Reduction Cookbook, Release 3.0.1}",
	url = "http://casa.nrao.edu/docs/userman/UserMan.html",
	year = 2010
}

@misc{beat-NEWSTAR,
	author = "{Smirnov}, O.~M.",
	title = "{MeqTrees At 1000000:1}",
	url = "http://astrowiki.physics.ox.ac.uk/twiki42/pub/Algorithms2008/WebHome/Smirnov-MeqTreesCalibration.pdf",
	year = 2008
}

@article{Gilbert:SylvestersCriterion,
	author = "Gilbert, George T.",
	journal = "American Mathematical Monthly",
	pages = "44--46",
	title = "{Positive definite matrices and Sylvester's criterion}",
	volume = "98",
	year = "1991"
}

@inbook{HR:matrix-analysis,
	author = "Horn, Roger A. and Johnson, Charles R.",
	publisher = "Cambridge University Press",
	title = "{Matrix Analysis}",
	year = "1985"
}

@inproceedings{Hopper:Trees,
	address = "New York, NY, USA",
	author = "Hopper, Grace Murray",
	booktitle = "{ACM '52: Proceedings of the 1952 ACM national meeting (Pittsburgh)}",
	doi = "10.1145/609784.609818",
	location = "Pittsburgh, Pennsylvania",
	pages = "243",
	publisher = "ACM",
	title = "{The education of a computer}",
	year = "1952"
}

@inbook{Knuth:Trees,
	address = "Reading, Massachusetts",
	author = "Knuth, Donald E.",
	chapter = "2",
	edition = "Second",
	publisher = "Addison-Wesley",
	series = "{The Art of Computer Programming}",
	title = "{Fundamental Algorithms}",
	volume = 1,
	year = "1973"
}

@inproceedings{KalmanFilters,
	author = "Wan, E.A. and van der Merwe, R.",
	booktitle = "{Kalman Filtering and Neural Networks}",
	chapter = "Chapter 7: The Unscented Kalman Filter",
	editor = "Haykin, S.",
	pages = "50",
	publisher = "Wiley Publishing",
	title = "{Kalman Filtering and Neural Networks}",
	year = "2001"
}

@article{Lessig:CC,
	author = "Lessig, Lawrence",
	journal = "Florida Law Review",
	pages = "764--777",
	title = "{The Creative Commons}",
	volume = "55",
	year = "1994"
}

@book{Raymond:CB,
	acknowledgement = ack-nhfb,
	author = "Raymond, Eric S.",
	bibdate = "Sat Oct 21 12:38:56 2000",
	bibsource = "http://www.oreilly.com/catalog/",
	isbn = "1-56592-724-9",
	isbn-13 = "978-1-56592-724-7",
	lccn = "QA76.76.O63 R396 1999",
	price = "US\$19.95",
	publisher = pub-ORA,
	title = "{The Cathedral \& the Bazaar: Musings on {Linux} and Open Source by an Accidental Revolutionary}",
	url = "http://www.oreilly.com/catalog/cb",
	year = "1999"
}

@inproceedings{Schilizzi:SKA,
	adsnote = "Provided by the SAO/NASA Astrophysics Data System",
	adsurl = "http://adsabs.harvard.edu/abs/2004SPIE.5489...62S",
	author = "{Schilizzi}, R.~T.",
	booktitle = "{Society of Photo-Optical Instrumentation Engineers (SPIE) Conference Series}",
	doi = "10.1117/12.551206",
	editor = "{Oschmann}, Jr. J.~M.",
	month = oct,
	pages = "62--71",
	series = "{}",
	title = "{The Square Kilometer Array}",
	volume = 5489,
	year = 2004
}

@inproceedings{Kettenis:Parseltongue,
	adsnote = "Provided by the SAO/NASA Astrophysics Data System",
	adsurl = "http://adsabs.harvard.edu/abs/2006ASPC..351..497K",
	author = "{Kettenis}, M. and {van Langevelde}, H.~J. and {Reynolds}, C. and {Cotton}, B.",
	booktitle = "{Astronomical Data Analysis Software and Systems XV}",
	editor = "{Gabriel}, C. and {Arviset}, C. and {Ponz}, D. and {Enrique}, S.",
	month = jul,
	pages = "497",
	series = "{PASPC}",
	title = "{ParselTongue: AIPS Talking Python}",
	volume = 351,
	year = 2006
}

@inproceedings{Backer:PAPER,
	adsnote = "Provided by the SAO/NASA Astrophysics Data System",
	adsurl = "http://adsabs.harvard.edu/abs/2009AAS...21348107B",
	author = "{Backer}, D.~C. and {PAPER Team}",
	booktitle = "{AAS Meeting No. 213}",
	pages = "449",
	series = "{\baas}",
	title = "{PAPER: The Precision Array to Probe the Epoch of Reionization}",
	volume = 41,
	year = 2009
}

@article{faceting,
	adsnote = "Provided by the SAO/NASA Astrophysics Data System",
	adsurl = "http://adsabs.harvard.edu/abs/1992A\%26A...261..353C",
	author = "{Cornwell}, T.~J. and {Perley}, R.~A.",
	journal = "\aap",
	keywords = "IMAGE ANALYSIS; INTERFEROMETRY; RADIO SOURCES (ASTRONOMY); VERY LARGE ARRAY (VLA); APERTURES; FOURIER TRANSFORMATION; IMAGE PROCESSING; IMAGE RECONSTRUCTION; SKY BRIGHTNESS",
	month = jul,
	pages = "353--364",
	title = "{Radio-interferometric imaging of very large fields - The problem of non-coplanar arrays}",
	volume = 261,
	year = 1992
}

@article{Cornwell:wproj,
	adsnote = "Provided by the SAO/NASA Astrophysics Data System",
	adsurl = "http://adsabs.harvard.edu/abs/2008ISTSP...2..647C",
	author = "{Cornwell}, T.~J. and {Golap}, K. and {Bhatnagar}, S.",
	doi = "10.1109/JSTSP.2008.2005290",
	journal = "IEEE Journal of Selected Topics in Signal Processing, Vol.~2, Issue 5, p.647-657",
	month = nov,
	pages = "647--657",
	title = "{The Noncoplanar Baselines Effect in Radio Interferometry: The W-Projection Algorithm}",
	volume = 2,
	year = 2008
}

@article{SB:imageplane,
	author = "Bhatnagar, S. and Cornwell, T. J. and Golap, K. and Uson, J. M.",
	doi = "10.1051/0004-6361:20079284",
	journal = "A\&A",
	month = "aug",
	number = 1,
	pages = "419--429",
	title = "{Correcting direction-dependent gains in the deconvolution of radio interferometric images}",
	url = "http://dx.doi.org/10.1051/0004-6361:20079284",
	volume = 487,
	year = 2008
}

@techreport{SB:pointing,
	author = "Bhatnagar, S. and Cornwell, T. J. and Golap, K.",
	institution = "NRAO",
	series = "{EVLA Memos}",
	title = "{EVLA Memo 84. Solving for the antenna based pointing errors}",
	url = http://www.aoc.nrao.edu/evla/geninfo/memoseries/evlamemo84.ps,
	year = 2004
}

@inproceedings{Bridle:smearing,
	adsnote = "Provided by the SAO/NASA Astrophysics Data System",
	adsurl = "http://adsabs.harvard.edu/abs/1999ASPC..180..371B",
	author = "{Bridle}, A.~H. and {Schwab}, F.~R.",
	booktitle = "{Synthesis Imaging in Radio Astronomy II}",
	editor = "{G.~B.~Taylor, C.~L.~Carilli, \& R.~A.~Perley}",
	pages = "371--+",
	series = "{Astronomical Society of the Pacific Conference Series}",
	title = "{Bandwidth and Time-Average Smearing}",
	volume = 180,
	year = 1999
}

@article{Popping-Braun:WSRT-beam,
	adsnote = "Provided by the SAO/NASA Astrophysics Data System",
	adsurl = "http://adsabs.harvard.edu/abs/2008A\%26A...479..903P",
	archiveprefix = "arXiv",
	author = "{Popping}, A. and {Braun}, R.",
	doi = "10.1051/0004-6361:20079122",
	eprint = "0712.2303",
	journal = "\aap",
	keywords = "polarization; scattering; techniques: image processing; techniques: interferometric; techniques:; spectroscopic; telescopes",
	month = mar,
	pages = "903--913",
	title = "{The standing wave phenomenon in radio telescopes. Frequency modulation of the WSRT primary beam}",
	volume = 479,
	year = 2008
}

@article{Braun:DR,
	adsnote = "Provided by the SAO/NASA Astrophysics Data System",
	adsurl = "http://adsabs.harvard.edu/abs/2012arXiv1208.6352B",
	archiveprefix = "arXiv",
	author = "{Braun}, R.",
	eprint = "1208.6352",
	journal = "ArXiv e-prints",
	keywords = "Astrophysics - Instrumentation and Methods for Astrophysics",
	month = aug,
	primaryclass = "astro-ph.IM",
	title = "{Understanding Synthesis Imaging Dynamic Range}",
	year = 2012
}

@article{Uson-Cotton:VLA-beam,
	adsnote = "Provided by the SAO/NASA Astrophysics Data System",
	adsurl = "http://adsabs.harvard.edu/abs/2008A\%26A...486..647U",
	archiveprefix = "arXiv",
	author = "{Uson}, J.~M. and {Cotton}, W.~D.",
	doi = "10.1051/0004-6361:200809509",
	eprint = "0807.0026",
	journal = "\aap",
	keywords = "techniques: image processing; techniques: interferometric; methods: data analysis",
	month = aug,
	pages = "647--654",
	title = "{Beam squint and Stokes V with off-axis feeds}",
	volume = 486,
	year = 2008
}

@article{Cotton-Uson:pixelization,
	adsnote = "Provided by the SAO/NASA Astrophysics Data System",
	adsurl = "http://adsabs.harvard.edu/abs/2008A\%26A...490..455C",
	archiveprefix = "arXiv",
	author = "{Cotton}, W.~D. and {Uson}, J.~M.",
	doi = "10.1051/0004-6361:20079104",
	eprint = "0809.1447",
	journal = "\aap",
	keywords = "techniques: image processing; techniques: interferometric",
	month = oct,
	pages = "455--460",
	title = "{Pixelization and dynamic range in radio interferometry}",
	volume = 490,
	year = 2008
}

@techreport{Brisken:VLA-beam,
	author = "Brisken, W.",
	institution = "NRAO",
	series = "{EVLA Memos}",
	title = "{EVLA Memo 58. Using Grasp8 To Study The VLA Beam}",
	url = http://www.aoc.nrao.edu/evla/geninfo/memoseries/evlamemo58.ps,
	year = 2003
}

@techreport{Yatawatta:LOFAR-beam,
	author = "Yatawatta, S.",
	institution = "ASTRON",
	series = "{LOFAR-ASTRON Memos}",
	title = "{LOFAR-ASTRON Memo 255. LOFAR beamshapes and their use in calibration and imaging}",
	year = 2008
}

@article{Schwab:csclean,
	adsnote = "Provided by the SAO/NASA Astrophysics Data System",
	adsurl = "http://adsabs.harvard.edu/abs/1984AJ.....89.1076S",
	author = "{Schwab}, F.~R.",
	doi = "10.1086/113605",
	journal = "\aj",
	keywords = "CALIBRATING; LOW FREQUENCIES; RADIO ASTRONOMY; RADIO INTERFEROMETERS; CORRELATION; INTERPOLATION; PENALTY FUNCTION",
	month = jul,
	pages = "1076--1081",
	title = "{Relaxing the isoplanatism assumption in self-calibration; applications to low-frequency radio interferometry}",
	volume = 89,
	year = 1984
}

@inproceedings{SB:calibration-low-freq,
	adsnote = "Provided by the SAO/NASA Astrophysics Data System",
	adsurl = "http://adsabs.harvard.edu/abs/2009ASPC..407..375B",
	author = "{Bhatnagar}, S.",
	booktitle = "{Astronomical Society of the Pacific Conference Series}",
	editor = "{D.~J.~Saikia, D.~A.~Green, Y.~Gupta, \& T.~Venturi}",
	month = sep,
	pages = "375",
	series = "{Astronomical Society of the Pacific Conference Series}",
	title = "{Calibration and Imaging Challenges at Low Radio Frequencies: A Review of the State of the Art}",
	volume = 407,
	year = 2009
}

@article{Rau:DDEs,
	adsnote = "Provided by the SAO/NASA Astrophysics Data System",
	adsurl = "http://adsabs.harvard.edu/abs/2009IEEEP..97.1472R",
	archiveprefix = "arXiv",
	author = "{Rau}, U. and {Bhatnagar}, S. and {Voronkov}, M.~A. and {Cornwell}, T.~J.",
	doi = "10.1109/JPROC.2009.2014853",
	eprint = "0902.0817",
	journal = "IEEE Proceedings",
	keywords = "Astrophysics; Instrumentation and Methods for Astrophysics",
	month = aug,
	pages = "1472--1481",
	title = "{Advances in Calibration and Imaging Techniques in Radio Interferometry}",
	volume = 97,
	year = 2009
}

@article{Cornwell:selfcal,
	adsnote = "Provided by the SAO/NASA Astrophysics Data System",
	adsurl = "http://adsabs.harvard.edu/abs/1981MNRAS.196.1067C",
	author = "{Cornwell}, T.~J. and {Wilkinson}, P.~N.",
	journal = "\mnras",
	keywords = "ASTRONOMICAL MAPS; MAPPING; RADIO ASTRONOMY; RADIO INTERFEROMETERS; COMPUTER PROGRAMS; ERROR ANALYSIS; QUASARS; RADIO TELESCOPES; SIGNAL TO NOISE RATIOS; VERY LONG BASE INTERFEROMETRY",
	month = sep,
	pages = "1067--1086",
	title = "{A new method for making maps with unstable radio interferometers}",
	volume = 196,
	year = 1981
}

@inproceedings{Lonsdale:4regimes,
	adsnote = "Provided by the SAO/NASA Astrophysics Data System",
	adsurl = "http://adsabs.harvard.edu/abs/2005ASPC..345..399L",
	author = "{Lonsdale}, C.~J.",
	booktitle = "{From Clark Lake to the Long Wavelength Array: Bill Erickson's Radio Science}",
	editor = "{N.~Kassim, M.~Perez, W.~Junor, \& P.~Henning}",
	month = dec,
	pages = "399--+",
	series = "{Astronomical Society of the Pacific Conference Series}",
	title = "{Configuration Considerations for Low Frequency Arrays}",
	volume = 345,
	year = 2005
}

@article{Intema:SPAM,
	adsnote = "Provided by the SAO/NASA Astrophysics Data System",
	adsurl = "http://adsabs.harvard.edu/abs/2009A\%26A...501.1185I",
	archiveprefix = "arXiv",
	author = "{Intema}, H.~T. and {van der Tol}, S. and {Cotton}, W.~D. and {Cohen}, A.~S. and {van Bemmel}, I.~M. and {R{\"o}ttgering}, H.~J.~A.",
	doi = "10.1051/0004-6361",
	eprint = "0904.3975",
	journal = "\aap",
	keywords = "atmospheric effects; methods: numerical; techniques: interferometric",
	month = jul,
	pages = "1185--1205",
	title = "{Ionospheric calibration of low frequency radio interferometric observations using the peeling scheme. I. Method description and first results}",
	volume = 501,
	year = 2009
}

@inproceedings{Wucknitz:DFR,
	adsnote = "Provided by the SAO/NASA Astrophysics Data System",
	adsurl = "http://adsabs.harvard.edu/abs/2010iska.meetE..58W",
	archiveprefix = "arXiv",
	author = "{Wucknitz}, O.",
	booktitle = "{ISKAF2010 Science Meeting}",
	eprint = "1008.4358",
	primaryclass = "astro-ph.IM",
	title = "{Long baseline experiments with LOFAR}",
	year = 2010
}

@article{Mitchell:MWA-cal,
	adsnote = "Provided by the SAO/NASA Astrophysics Data System",
	adsurl = "http://adsabs.harvard.edu/abs/2008ISTSP...2..707M",
	author = "{Mitchell}, D.~A. and {Greenhill}, L.~J. and {Wayth}, R.~B. and {Sault}, R.~J. and {Lonsdale}, C.~J. and {Cappallo}, R.~J. and {Morales}, M.~F. and {Ord}, S.~M.",
	doi = "10.1109/JSTSP.2008.2005327",
	journal = "IEEE Journal of Selected Topics in Signal Processing, Vol.~2, Issue 5, p.707-717",
	month = nov,
	pages = "707--717",
	title = "{Real-Time Calibration of the Murchison Widefield Array}",
	volume = 2,
	year = 2008
}

@article{ASKAP,
	adsnote = "Provided by the SAO/NASA Astrophysics Data System",
	adsurl = "http://adsabs.harvard.edu/abs/2008ExA....22..151J",
	archiveprefix = "arXiv",
	author = "{Johnston}, S. and {Taylor}, R. and {Bailes}, M. and {Bartel}, N. and {Baugh}, C. and {Bietenholz}, M. and {Blake}, C. and {Braun}, R. and {Brown}, J. and {Chatterjee}, S. and {Darling}, J. and {Deller}, A. and {Dodson}, R. and {Edwards}, P. and {Ekers}, R. and {Ellingsen}, S. and {Feain}, I. and {Gaensler}, B. and {Haverkorn}, M. and {Hobbs}, G. and {Hopkins}, A. and {Jackson}, C. and {James}, C. and {Joncas}, G. and {Kaspi}, V. and {Kilborn}, V. and {Koribalski}, B. and {Kothes}, R. and {Landecker}, T. and {Lenc}, A. and {Lovell}, J. and {Macquart}, {J.-P.} and {Manchester}, R. and {Matthews}, D. and {McClure-Griffiths}, N. and {Norris}, R. and {Pen}, {U.-L.} and {Phillips}, C. and {Power}, C. and {Protheroe}, R. and {Sadler}, E. and {Schmidt}, B. and {Stairs}, I. and {Staveley-Smith}, L. and {Stil}, J. and {Tingay}, S. and {Tzioumis}, A. and {Walker}, M. and {Wall}, J. and {Wolleben}, M.",
	doi = "10.1007/s10686-008-9124-7",
	eprint = "0810.5187",
	journal = "Experimental Astronomy",
	keywords = "Radio astronomy techniques; Radio telescopes; Square kilometre array; Very long baseline interferometry; Extragalactic HI; Radio continuum surveys; Cosmological evolution; Galaxy formation; Star formation; Rotation measure; Extragalactic radio source polarization; Galactic structure; Galactic magnetic field; Magellenic clouds; Pulsars; Radio transient sources; Gamma-ray bursters; Intra-day variability",
	month = dec,
	pages = "151--273",
	title = "{Science with ASKAP. The Australian square-kilometre-array pathfinder}",
	volume = 22,
	year = 2008
}

@article{EOR-MWA,
	adsnote = "Provided by the SAO/NASA Astrophysics Data System",
	adsurl = "http://adsabs.harvard.edu/abs/2006NewAR..50..173M",
	author = "{Morales}, M.~F. and {Bowman}, J.~D. and {Cappallo}, R. and {Hewitt}, J.~N. and {Lonsdale}, C.~J.",
	doi = "10.1016/j.newar.2005.11.033",
	journal = "\nar",
	month = mar,
	pages = "173--178",
	title = "{Statistical EOR detection and the Mileura Widefield Array}",
	volume = 50,
	year = 2006
}

@article{EOR-LOFAR,
	adsnote = "Provided by the SAO/NASA Astrophysics Data System",
	adsurl = "http://adsabs.harvard.edu/abs/2010MNRAS.405.2492H",
	archiveprefix = "arXiv",
	author = "{Harker}, G. and {Zaroubi}, S. and {Bernardi}, G. and {Brentjens}, M.~A. and {de Bruyn}, A.~G. and {Ciardi}, B. and {Jeli{\'c}}, V. and {Koopmans}, L.~V.~E. and {Labropoulos}, P. and {Mellema}, G. and {Offringa}, A. and {Pandey}, V.~N. and {Pawlik}, A.~H. and {Schaye}, J. and {Thomas}, R.~M. and {Yatawatta}, S.",
	doi = "10.1111/j.1365-2966.2010.16628.x",
	eprint = "1003.0965",
	journal = "\mnras",
	keywords = "cosmology: theory; diffuse radiation; methods: statistical; radio lines: general",
	month = jul,
	pages = "2492--2504",
	primaryclass = "astro-ph.CO",
	title = "{Power spectrum extraction for redshifted 21-cm Epoch of Reionization experiments: the LOFAR case}",
	volume = 405,
	year = 2010
}

%%  address =      pub-ORA:adr,
%%  pages =        "xi + 268",

@article{leshem-em,
	author = "{Leshem}, A. and {van der Veen}, {A.J.}",
	journal = "IEEE Transactions on Information Theory",
	month = aug,
	pages = "1730--1747",
	title = "{Radio-Astronomical Imaging in the Presence of Strong Radio Interference}",
	volume = 46,
	year = 2000
}

@article{levanda-leshem-em,
	adsnote = "Provided by the SAO/NASA Astrophysics Data System",
	adsurl = "http://adsabs.harvard.edu/abs/2010ISPM...27...14L",
	archiveprefix = "arXiv",
	author = "{Levanda}, R. and {Leshem}, A.",
	doi = "10.1109/MSP.2009.934719",
	eprint = "1009.0460",
	journal = "IEEE Signal Processing Magazine",
	month = jan,
	pages = "14--29",
	primaryclass = "astro-ph.IM",
	title = "{Synthetic aperture radio telescopes}",
	volume = 27,
	year = 2010
}

@inproceedings{apertif,
	author = "{van Cappellen}, W.~A. and {Bakker}, L.",
	booktitle = "{Proceedings of the IEEE International Symposium on Phased Array Systems and Technology, ARRAY 2010}",
	month = "October",
	pages = "640--647",
	publisher = "IEEE Aerospace and Electronic Systems Society",
	title = "{APERTIF: Phased array feeds for the Westerbork Synthesis Radio Telescope}",
	year = "2010"
}

@phdthesis{wijnholds-thesis,
	author = "{Wijnholds}, S.~J.",
	school = "Delft Univ. Tech.",
	title = "{Fish-Eye Observing with Phased Array Radio Telescopes}",
	year = "2010"
}

@phdthesis{noorishad-thesis,
	author = "{Noorishad}, P.",
	school = "Univ. Groningen",
	title = "{Optimization for high ﬁdelity imaging with aperture array telescopes}",
	year = "2013"
}

@article{warnick-paf-polarimetry,
	author = "{Warnick}, K.~F. and {Ivashina}, M.~V. and {Wijnholds}, S.~J. and {Maaskant}, R.",
	journal = "IEEE Transactions on Antennas and Propagation",
	title = "{Polarimetry with Phased Array Antennas: Theoretical Framework and Definitions}",
	volume = "submitted",
	year = 2011
}

@article{ATCA-xtalk,
	adsnote = "Provided by the SAO/NASA Astrophysics Data System",
	adsurl = "http://adsabs.harvard.edu/abs/2004MNRAS.349.1365S",
	author = "{Subrahmanyan}, R. and {Deshpande}, A.~A.",
	doi = "10.1111/j.1365-2966.2004.07609.x",
	eprint = "arXiv:astro-ph/0401280",
	journal = "\mnras",
	keywords = "atmospheric effects; instrumentation: interferometers; techniques: interferometric; telescopes; cosmic microwave background; cosmology: observations",
	month = apr,
	pages = "1365--1380",
	title = "{Contaminants in ATCA baselines with shadowing: a case study of cross-talk in short-spacing interferometers}",
	volume = 349,
	year = 2004
}

@book{synge-schild-tensor,
	author = "Synge, J.L. and Schild, A.",
	isbn = "9780486636122",
	lccn = "77094163",
	publisher = "Dover Publications",
	title = "{Tensor Calculus}",
	url = "http://books.google.com/books?id=8vlGhlxqZjsC",
	year = "1978"
}

@book{simmonds-tensor-analysis,
	author = "Simmonds, James G.",
	isbn = "9780387940885",
	lccn = "93004693",
	publisher = "Springer-Verlag",
	title = "{A Brief On Tensor Analysis}",
	url = "http://books.google.com/books?id=zQ%5C_q0p%5C_KIrUC",
	year = "1994"
}

@misc{tripole-patent,
	author = "Bergman, J. and Carozzi, T. D. and Karlsson, R.",
	howpublished = "International Patent Publication, WO03/007422",
	month = "June",
	note = "{World Intellectual Property Organization, Switzerland}",
	year = "2003"
}

@article{NVSS,
	adsnote = "Provided by the SAO/NASA Astrophysics Data System",
	adsurl = "http://adsabs.harvard.edu/abs/1998AJ....115.1693C",
	author = "{Condon}, J.~J. and {Cotton}, W.~D. and {Greisen}, E.~W. and {Yin}, Q.~F. and {Perley}, R.~A. and {Taylor}, G.~B. and {Broderick}, J.~J.",
	doi = "10.1086/300337",
	journal = "\aj",
	keywords = "CATALOGS; METHODS: DATA ANALYSIS; METHODS: OBSERVATIONAL; RADIO CONTINUUM; SURVEYS",
	month = may,
	pages = "1693--1716",
	title = "{The NRAO VLA Sky Survey}",
	volume = 115,
	year = 1998
}

@article{SAO-CATS,
	adsnote = "Provided by the SAO/NASA Astrophysics Data System",
	adsurl = "http://adsabs.harvard.edu/abs/2005BSAO...58..118V",
	archiveprefix = "arXiv",
	author = "{Verkhodanov}, O.~V. and {Trushkin}, S.~A. and {Andernach}, H. and {Chernenkov}, V.~N.",
	eprint = "0705.2959",
	journal = "Bull.~Special Astrophys.~Obs.",
	keywords = "astronomical data bases: catalogs; radio astronomy: radio sources",
	month = may,
	pages = "118--129",
	title = "{Current status of the CATS database.}",
	volume = 58,
	year = 2005
}

@inproceedings{S3-SEX,
	adsnote = "Provided by the SAO/NASA Astrophysics Data System",
	adsurl = "http://adsabs.harvard.edu/abs/2009wska.confE...5L",
	archiveprefix = "arXiv",
	author = "{Levrier}, F. and {Wilman}, R.~J. and {Obreschkow}, D. and {Kloeckner}, H.~R. and {Heywood}, I.~H. and {Rawlings}, S.",
	booktitle = "{Proceedings of Wide Field Astronomy and Technology for the Square Kilometre Array (SKADS 2009). 4-6 November 2009. Chateau de Limelette, Belgium}",
	eid = "5",
	eprint = "0911.4611",
	primaryclass = "astro-ph.IM",
	title = "{Mapping the SKA Simulated Skies with the S3-Tools}",
	year = 2009
}

@article{SKA54-expa,
	adsnote = "Provided by the SAO/NASA Astrophysics Data System",
	adsurl = "http://adsabs.harvard.edu/abs/2004ExA....17..345L",
	author = "{Lonsdale}, C.~J. and {Doeleman}, S.~S. and {Oberoi}, D.",
	doi = "10.1007/s10686-005-2546-6",
	journal = "Experimental Astronomy",
	keywords = "imaging; radio-astronomy; radio-telescopes",
	month = jun,
	pages = "345--362",
	title = "{Efficient Imaging Strategies For Next-Generation Radio Arrays}",
	volume = 17,
	year = 2004
}

@article{SKA54,
	author = "{Lonsdale}, C.~J. and {Doeleman}, S.~S. and {Oberoi}, D.",
	journal = "SKA Memo 54",
	title = "{Imaging Strategies and Postprocessing Computing Costs for Large-N SKA Designs}",
	url = "http://www.skatelescope.org/uploaded/24070_54_memo_; Lonsdale .pdf",
	year = 2004
}

@article{SKA49,
	author = "Cornwell, T.~J.",
	journal = "SKA Memo 49",
	title = "{SKA and EVLA computing costs for wide field imaging (Revised)}",
	url = "http://www.skatelescope.org/uploaded/25252_49_cornwell.pdf",
	year = 2004
}

@article{VLA146,
	author = "Perley, R.~A and Erickson, W.~C.",
	journal = "VLA Scientific Memorandum 146",
	title = "{A Proposal For a Large, Low-Frequency Array Located At The VLA Site}",
	url = "http://www.vla.nrao.edu/memos/sci/146.pdf",
	year = 1984
}

@phdthesis{briggs-thesis,
	author = "Briggs, D.~S.",
	school = "Univ. New Mexico",
	title = "{High Fidelity Deconvolution of Moderately Resolved Sources}",
	year = 1995
}

@article{mlfmm,
	author = "Chew, W.~C. and Jin, J.~M. and Lu, C.~C. and Michielssen, E. and Song, J.~M.",
	journal = "IEEE Trans.\ on Antennas and Propagation",
	number = 3,
	pages = "533--543",
	title = "{Fast solution methods in electromagnetics}",
	volume = 45,
	year = 1997
}

@inproceedings{mlfmm-feko,
	author = "Jakobus, U. and {van Tonder}, J.~J.",
	booktitle = "{IEEE International Symposium on Antennas and Propagation, July. Albuquerque, New Mexico, USA}",
	month = jul,
	title = "{Challenges regarding the commercial implementation of the parallel MLFMM in FEKO}",
	year = "2006"
}

@article{granet-parameters,
	author = "Granet, C.",
	journal = "IEEE Antennas and Propagation Magazine",
	month = jun,
	number = 3,
	pages = "114--123",
	title = "{Designing classical offset Cassegrain or Gregorian dual-reflector antennas from combinations of prescribed geometric parameters}",
	volume = 44,
	year = 2002
}

@inproceedings{icea-dish-design,
	author = "Theron, I.~P. and Lehmensiek, R. and {de Villiers}, D.~I.~L.",
	booktitle = "{Int.\ Conf.\ on Electromagnetics in Advanced Applications (ICEAA 2012). 2-7 September. Cape Town, South Africa}",
	month = sep,
	title = "{The design of the MeerKAT dish optics}",
	year = "2012"
}

@article{Wilman-simulation,
	adsnote = "Provided by the SAO/NASA Astrophysics Data System",
	adsurl = "http://adsabs.harvard.edu/abs/2008MNRAS.388.1335W",
	archiveprefix = "arXiv",
	author = "{Wilman}, R.~J. and {Miller}, L. and {Jarvis}, M.~J. and {Mauch}, T. and {Levrier}, F. and {Abdalla}, F.~B. and {Rawlings}, S. and {Kl{\"o}ckner}, H.-R. and {Obreschkow}, D. and {Olteanu}, D. and {Young}, S.",
	doi = "10.1111/j.1365-2966.2008.13486.x",
	eprint = "0805.3413",
	journal = "\mnras",
	keywords = "galaxies: active; galaxies: luminosity function; mass function; galaxies: starburst; large-scale structure of Universe; radio continuum: galaxies",
	month = aug,
	pages = "1335--1348",
	title = "{A semi-empirical simulation of the extragalactic radio continuum sky for next generation radio telescopes}",
	volume = 388,
	year = 2008
}

@article{deZotti-surveys,
	adsnote = "Provided by the SAO/NASA Astrophysics Data System",
	adsurl = "http://adsabs.harvard.edu/abs/2010A\%26ARv..18....1D",
	archiveprefix = "arXiv",
	author = "{de Zotti}, G. and {Massardi}, M. and {Negrello}, M. and {Wall}, J.",
	doi = "10.1007/s00159-009-0026-0",
	eprint = "0908.1896",
	journal = "\aapr",
	keywords = "Radio continuum: galaxies; Galaxies: active; Galaxies: starburst; Galaxies: statistics; Quasars: general",
	month = feb,
	pages = "1--65",
	primaryclass = "astro-ph.CO",
	title = "{Radio and millimeter continuum surveys and their astrophysical implications}",
	volume = 18,
	year = 2010
}

@article{Heywood-MESMER,
	adsnote = "Provided by the SAO/NASA Astrophysics Data System",
	adsurl = "http://adsabs.harvard.edu/abs/2011arXiv1103.0862H",
	archiveprefix = "arXiv",
	author = "{Heywood}, I. and {Armstrong}, R.~P. and {Booth}, R. and {Bunker}, A.~J. and {Deane}, R.~P. and {Jarvis}, M.~J. and {Jonas}, J.~L. and {Jones}, M.~E. and {Kloeckner}, H. and {Kneib}, J. and {Knudsen}, K.~K. and {Levrier}, F. and {Obreschkow}, D. and {Rigopoulou}, D. and {Rawlings}, S. and {Smirnov}, O.~M. and {Taylor}, A.~C. and {Verma}, A. and {Dunlop}, J. and {Santos}, M.~G. and {Stanway}, E.~R. and {Willott}, C.",
	eprint = "1103.0862",
	journal = "ArXiv e-prints",
	keywords = "Astrophysics - Cosmology and Extragalactic Astrophysics",
	month = mar,
	primaryclass = "astro-ph.CO",
	title = "{MESMER: MeerKAT Search for Molecules in the Epoch of Reionization}",
	year = 2011
}

@article{Jarvis-MeerKAT-SALT,
	adsnote = "Provided by the SAO/NASA Astrophysics Data System",
	adsurl = "http://adsabs.harvard.edu/abs/2012AfrSk..16...44J",
	archiveprefix = "arXiv",
	author = "{Jarvis}, M.~J.",
	eprint = "1107.5165",
	journal = "African Skies",
	month = mar,
	pages = "44",
	primaryclass = "astro-ph.CO",
	title = "{Multi-wavelength Extragalactic Surveys and the Role of MeerKAT and SALT}",
	volume = 16,
	year = 2012
}

@article{Padovani-VLA-Chandra-DFS,
	adsnote = "Provided by the SAO/NASA Astrophysics Data System",
	adsurl = "http://adsabs.harvard.edu/abs/2009ApJ...694..235P",
	archiveprefix = "arXiv",
	author = "{Padovani}, P. and {Mainieri}, V. and {Tozzi}, P. and {Kellermann}, K.~I. and {Fomalont}, E.~B. and {Miller}, N. and {Rosati}, P. and {Shaver}, P.",
	doi = "10.1088/0004-637X",
	eprint = "0812.2997",
	journal = "\apj",
	keywords = "galaxies: active; galaxies: starburst; radio continuum: galaxies; X-rays: galaxies",
	month = mar,
	pages = "235--246",
	title = "{The Very Large Array Survey of the Chandra Deep Field South. IV. Source Population}",
	volume = 694,
	year = 2009
}

@article{Simpson-Subaru-XMM,
	adsnote = "Provided by the SAO/NASA Astrophysics Data System",
	adsurl = "http://adsabs.harvard.edu/abs/2006MNRAS.372..741S",
	author = "{Simpson}, C. and {Mart{\'i}nez-Sansigre}, A. and {Rawlings}, S. and {Ivison}, R. and {Akiyama}, M. and {Sekiguchi}, K. and {Takata}, T. and {Ueda}, Y. and {Watson}, M.",
	doi = "10.1111/j.1365-2966.2006.10907.x",
	eprint = "arXiv:astro-ph/0609529",
	journal = "\mnras",
	keywords = "catalogues; surveys; galaxies: active; radio continuum: galaxies",
	month = oct,
	pages = "741--757",
	title = "{Radio imaging of the Subaru/XMM-Newton Deep Field - I. The 100-{$\mu$}Jy catalogue, optical identifications, and the nature of the faint radio source population}",
	volume = 372,
	year = 2006
}

@article{SAGEcal,
	adsnote = "Provided by the SAO/NASA Astrophysics Data System",
	adsurl = "http://adsabs.harvard.edu/abs/2011MNRAS.414.1656K",
	archiveprefix = "arXiv",
	author = "{Kazemi}, S. and {Yatawatta}, S. and {Zaroubi}, S. and {Lampropoulos}, P. and {de Bruyn}, A.~G. and {Koopmans}, L.~V.~E. and {Noordam}, J.",
	doi = "10.1111/j.1365-2966.2011.18506.x",
	eprint = "1012.1722",
	journal = "\mnras",
	keywords = "methods: numerical; methods: statistical; techniques: interferometric",
	month = jun,
	pages = "1656--1666",
	primaryclass = "astro-ph.IM",
	title = "{Radio interferometric calibration using the SAGE algorithm}",
	volume = 414,
	year = 2011
}

@article{Stacking2013,
	adsnote = "Provided by the SAO/NASA Astrophysics Data System",
	adsurl = "http://adsabs.harvard.edu/abs/2013MNRAS.433.1398D",
	archiveprefix = "arXiv",
	author = "{Delhaize}, J. and {Meyer}, M.~J. and {Staveley-Smith}, L. and {Boyle}, B.~J.",
	doi = "10.1093/mnras",
	eprint = "1305.1968",
	journal = "MNRAS",
	keywords = "galaxies: evolution; galaxies: ISM; radio lines: galaxies",
	month = aug,
	pages = "1398--1410",
	primaryclass = "astro-ph.CO",
	title = "{Detection of H I in distant galaxies using spectral stacking}",
	volume = 433,
	year = 2013
}

@article{EOR2006,
	adsnote = "Provided by the SAO/NASA Astrophysics Data System",
	adsurl = "http://adsabs.harvard.edu/abs/2006PhR...433..181F",
	author = "{Furlanetto}, S.~R. and {Oh}, S.~P. and {Briggs}, F.~H.",
	doi = "10.1016/j.physrep.2006.08.002",
	eprint = "arXiv:astro-ph/0608032",
	journal = "Phys. Rep.",
	month = oct,
	pages = "181--301",
	title = "{Cosmology at low frequencies: The 21 cm transition and the high-redshift Universe}",
	volume = 433,
	year = 2006
}

@article{IM2010,
	adsnote = "Provided by the SAO/NASA Astrophysics Data System",
	adsurl = "http://adsabs.harvard.edu/abs/2010Natur.466..463C",
	author = "{Chang}, T.-C. and {Pen}, U.-L. and {Bandura}, K. and {Peterson}, J.~B.",
	doi = "10.1038/nature09187",
	journal = "Nature",
	month = jul,
	pages = "463--465",
	title = "{An intensity map of hydrogen 21-cm emission at redshift z\~{}0.8}",
	volume = 466,
	year = 2010
}

@article{JEN-redundancy,
	adsnote = "Provided by the SAO/NASA Astrophysics Data System",
	adsurl = "http://adsabs.harvard.edu/abs/1982Natur.299..597N",
	author = "{Noordam}, J.~E. and {de Bruyn}, A.~G.",
	doi = "10.1038/299597a0",
	journal = "Nature",
	keywords = "ASTRONOMICAL MAPS; ERROR CORRECTING CODES; EXTRAGALACTIC RADIO SOURCES; RADIO TELESCOPES; REDUNDANCY ENCODING; SYNTHETIC ARRAYS; ALIGNMENT; CENTIMETER WAVES; GALACTIC STRUCTURE; INSTRUMENT ERRORS; PHASE ERROR; RADIO GALAXIES; RADIO INTERFEROMETERS",
	month = oct,
	pages = "597",
	title = "{High dynamic range mapping of strong radio sources, with application to 3C84}",
	volume = 299,
	year = 1982
}

@article{Bernardi-EOR-foregrounds,
	adsnote = "Provided by the SAO/NASA Astrophysics Data System",
	adsurl = "http://adsabs.harvard.edu/abs/2009A\%26A...500..965B",
	archiveprefix = "arXiv",
	author = "{Bernardi}, G. and {de Bruyn}, A.~G. and {Brentjens}, M.~A. and {Ciardi}, B. and {Harker}, G. and {Jeli{\'c}}, V. and {Koopmans}, L.~V.~E. and {Labropoulos}, P. and {Offringa}, A. and {Pandey}, V.~N. and {Schaye}, J. and {Thomas}, R.~M. and {Yatawatta}, S. and {Zaroubi}, S.",
	doi = "10.1051/0004-6361",
	eprint = "0904.0404",
	journal = "\aap",
	keywords = "polarization; cosmology: diffuse radiation; cosmology: observations; radio continuum: general; ISM: general; ISM: magnetic fields",
	month = jun,
	pages = "965--979",
	primaryclass = "astro-ph.CO",
	title = "{Foregrounds for observations of the cosmological 21 cm line. I. First Westerbork measurements of Galactic emission at 150 MHz in a low latitude field}",
	volume = 500,
	year = 2009
}

@article{Norris-SKA-continuum,
	adsnote = "Provided by the SAO/NASA Astrophysics Data System",
	adsurl = "http://adsabs.harvard.edu/abs/2013PASA...30...20N",
	archiveprefix = "arXiv",
	author = "{Norris}, R.~P. and {Afonso}, J. and {Bacon}, D. and {Beck}, R. and {Bell}, M. et al.",
	doi = "10.1017/pas.2012.020",
	eid = "e020",
	eprint = "1210.7521",
	journal = "PASA",
	keywords = "radiotelescopes; surveys; galaxy evolution; cosmology",
	month = mar,
	pages = "20",
	primaryclass = "astro-ph.CO",
	title = "{Radio Continuum Surveys with Square Kilometre Array Pathfinders}",
	volume = 30,
	year = 2013
}

@article{Pober-PAPER-foregrounds,
	adsnote = "Provided by the SAO/NASA Astrophysics Data System",
	adsurl = "http://adsabs.harvard.edu/abs/2013ApJ...768L..36P",
	archiveprefix = "arXiv",
	author = "{Pober}, J.~C. and {Parsons}, A.~R. and {Aguirre}, J.~E. and {Ali}, Z. and {Bradley}, R.~F. and {Carilli}, C.~L. and {DeBoer}, D. and {Dexter}, M. and {Gugliucci}, N.~E. and {Jacobs}, D.~C. and {Klima}, P.~J. and {MacMahon}, D. and {Manley}, J. and {Moore}, D.~F. and {Stefan}, I.~I. and {Walbrugh}, W.~P.",
	doi = "10.1088/2041-8205",
	eid = "L36",
	eprint = "1301.7099",
	journal = "ApJ",
	keywords = "cosmology: observations; dark ages; reionization; first stars; techniques: interferometric",
	month = may,
	pages = "L36",
	primaryclass = "astro-ph.CO",
	title = "{Opening the 21 cm Epoch of Reionization Window: Measurements of Foreground Isolation with PAPER}",
	volume = 768,
	year = 2013
}

@article{Switzer-IM,
	adsnote = "Provided by the SAO/NASA Astrophysics Data System",
	adsurl = "http://adsabs.harvard.edu/abs/2013MNRAS.434L..46S",
	archiveprefix = "arXiv",
	author = "{Switzer}, E.~R. and {Masui}, K.~W. and {Bandura}, K. and {Calin}, L.-M. and {Chang}, T.-C. and {Chen}, X.-L. and {Li}, Y.-C. and {Liao}, Y.-W. and {Natarajan}, A. and {Pen}, U.-L. and {Peterson}, J.~B. and {Shaw}, J.~R. and {Voytek}, T.~C.",
	doi = "10.1093/mnrasl",
	eprint = "1304.3712",
	journal = "MNRAS",
	keywords = "galaxies: evolution; large-scale structure of universe; radio lines: galaxies",
	month = jul,
	pages = "L46--L50",
	primaryclass = "astro-ph.CO",
	title = "{Determination of z {\tilde} 0.8 neutral hydrogen fluctuations using the 21 cm intensity mapping autocorrelation}",
	volume = 434,
	year = 2013
}

@article{Kilicc2011,
	author = "K{\i}l{\i}\c{c}, Mustafa and Mengi, Emre and Y{\i}ld{\i}r{\i}m, E Alper",
	journal = "preprint (arXiv:1109.2080)",
	title = "{Numerical Optimization of Eigenvalues of Hermitian Matrix Functions}",
	year = "2011"
}

@book{Reed1978,
	author = "Reed, Michael and Simon, Barry",
	publisher = "New York: Academic",
	title = "{Analysis of operators. Methods of modern mathematical physics IV}",
	year = "1978"
}

@article{Stefcal-pol,
	author = "Salvini, S. and Wijnholds, S.",
	journal = "URSI GASS",
	title = "Stefcal",
	year = "2014"
}

@article{Stefcal,
    author  = "Salvini, Stefano and Wijnholds, Stefan J.",
    title      = "Fast gain calibration in radio astronomy using alternating direction implicit methods: Analysis and applications",
    journal = "Astronomy \& Astrophysics",
    month  = sep,
    year     = 2014,
    volume = "in press"
}

@article{ComplexOpt,
	author = "Laurent, S. and {van Barel}, M. and {de Lathauwer}, L.",
	journal = "SIAM J. Optim.",
	volume = "22",
  number = "3",
  pages = "879--898",
	title = "{Unconstrained optimization of real functions in complex variables}",
	year = "2012"
}

@unpublished{OMS-Stefcal,
	author = "{Smirnov}, O. M.",
	year = "2013",
	note = "{presentation at 3GC3 workshop (Port Alfred, February 2013),\\
		https://sites.google.com/a/ska.ac.za/3gc3/programmes/talk-slides}",
	title = "StefCal: The fastest selfcal in the West",
	url = "{https://sites.google.com/a/ska.ac.za/3gc3/programmes/talk-slides}",
}

@unpublished{Perley-3C147,
	author = "{Perley}, R.",
	year = "2013",
	note = "{presentation at ``The Radio Universe @ Ger’s (wave)-length'' conference
	 	(Groningen, November 2013),\\
		http://www.astron.nl/gerfeest/presentations/perley.pdf}",
	title = "High Dynamic Range Imaging",
	url = "{http://www.astron.nl/gerfeest/presentations/perley.pdf}",
}

@ARTICLE{Mitchell-RTS,
   author = {{Mitchell}, D.~A. and {Greenhill}, L.~J. and {Wayth}, R.~B. and 
	{Sault}, R.~J. and {Lonsdale}, C.~J. and {Cappallo}, R.~J. and 
	{Morales}, M.~F. and {Ord}, S.~M.},
    title = "{Real-Time Calibration of the Murchison Widefield Array}",
  journal = {IEEE Journal of Selected Topics in Signal Processing},
     year = 2008,
    month = nov,
   volume = 2,
    pages = {707-717},
      doi = {10.1109/JSTSP.2008.2005327},
   adsurl = {http://adsabs.harvard.edu/abs/2008ISTSP...2..707M},
  adsnote = {Provided by the SAO/NASA Astrophysics Data System}
}

@article{Tasse-cohjones,
	author = "Tasse, C.",
	journal = "arXiv:astro-ph/xxx",
	year = 2014
}

@article{Tasse-filters,
   author = {{Tasse}, C.},
    title = "{Nonlinear Kalman filters for calibration in radio interferometry}",
  journal = {\aap},
archivePrefix = "arXiv",
   eprint = {1403.6308},
 primaryClass = "astro-ph.IM",
 keywords = {instrumentation: interferometers, methods: data analysis, techniques: interferometric},
     year = 2014,
    month = jun,
   volume = 566,
      eid = {A127},
    pages = {A127},
      doi = {10.1051/0004-6361/201423503},
   adsurl = {http://adsabs.harvard.edu/abs/2014A%26A...566A.127T},
  adsnote = {Provided by the SAO/NASA Astrophysics Data System}
}

@BOOK{Madsen-NLLS,
    author = {K. Madsen and H. B. Nielsen and O. Tingleff},
    title = {Methods For Non-linear Least Squares Problems},
    year = {2004},
    series = {Informatics and Mathematical Modelling},
    publisher = {Technical University of Denmark}
}

